@Book{Woehe2020,
  author    = {Günter Wöhe and Ulrich Döring and Gerrit Brösel},
  publisher = {Franz Vahlen München},
  title     = {Wöhe Einführung in die Allgemeine Betriebswirtschaftslehre},
  year      = {2020},
  edition   = {Bd. 27},
  isbn      = {978-3-8006-6300-2},
}

@Comment{jabref-meta: databaseType:bibtex;}
